@inproceedings{kuryazov+2013,
 address = {Oldenburg},
 author = {Kuryazov, Dilshodbek and Solsbach, Andreas and  Winter, Andreas},
number = {05/2013},
publisher = {Carl von Ossietzky University, Oldenburg, Software-Engineering},
title = {Towards Versioning Systainability Reports},
year = {2013}
}

@inproceedings{kuryazov2014representing,
  title={Representing Model Differences by Delta Operations.},
  author={Kuryazov, Dilshodbek and Winter, Andreas},
  booktitle={EDOC Workshops},
  pages={211--220},
  year={2014}
}